<?xml version="1.0" encoding="UTF-8"?>
<collection xmlns:xsi="http://www.w3.org/2001/XMLSchema-instance" xsi:schemaLocation="http://www.loc.gov/MARC21/slim http://www.loc.gov/standards/marcxml/schema/MARC21slim.xsd" xmlns="http://www.loc.gov/MARC21/slim">
<record>
  <leader>00776mam a2200205 a 4500</leader>
  <controlfield tag="001">1861170</controlfield>
  <controlfield tag="003">NNC</controlfield>
  <controlfield tag="005">20160718164834.0</controlfield>
  <controlfield tag="008">851221s1927    ua c          000 0 arar </controlfield>
  <datafield tag="010" ind1=" " ind2=" ">
    <subfield code="a">   79961541 </subfield>
  </datafield>
  <datafield tag="035" ind1=" " ind2=" ">
    <subfield code="a">(OCoLC)ocm17029082</subfield>
  </datafield>
  <datafield tag="035" ind1=" " ind2=" ">
    <subfield code="9">ALU9217CU</subfield>
  </datafield>
  <datafield tag="035" ind1=" " ind2=" ">
    <subfield code="a">(NNC)1861170</subfield>
  </datafield>
  <datafield tag="040" ind1=" " ind2=" ">
    <subfield code="a">DLC</subfield>
    <subfield code="c">DLC</subfield>
    <subfield code="d">OSU</subfield>
  </datafield>
  <datafield tag="050" ind1=" " ind2="4">
    <subfield code="a">DT107.2.Z2</subfield>
    <subfield code="b">B37 1900z</subfield>
  </datafield>
  <datafield tag="100" ind1="1" ind2=" ">
    <subfield code="a">Barqūqī, ʻAbd al-Raḥmān.</subfield>
  </datafield>
  <datafield tag="245" ind1="1" ind2="0">
    <subfield code="a">Sirr ʻAẓamat Saʻd, aw, Falsafat al-buṭūlah :</subfield>
    <subfield code="b">kalimāt khālidah fī taḥlīl ʻaẓamat ṣāḥib al-dawlat baṭal Miṣr al-ʻaẓīm Saʻd Zaghlūl Bāshā /</subfield>
    <subfield code="c">bi-qalam ʻAbd al-Raḥmān al-Barqūqī.</subfield>
  </datafield>
  <datafield tag="260" ind1=" " ind2=" ">
    <subfield code="a">Miṣr :</subfield>
    <subfield code="b">Maṭbaʻat al-Taqaddum,</subfield>
    <subfield code="c">[1927?]</subfield>
  </datafield>
  <datafield tag="300" ind1=" " ind2=" ">
    <subfield code="a">80 p. ;</subfield>
    <subfield code="b">port. ;</subfield>
    <subfield code="c">20 cm.</subfield>
  </datafield>
  <datafield tag="600" ind1="1" ind2="0">
    <subfield code="a">Zaghlūl, Saʻd,</subfield>
    <subfield code="d">1857-1927.</subfield>
  </datafield>
  <datafield tag="955" ind1=" " ind2=" ">
    <subfield code="b">CU69488924</subfield>
    <subfield code="d">off,glx</subfield>
    <subfield code="e">DT107.2.Z2 B37 1900z</subfield>
  </datafield>
</record>
</collection>